@book{KR1988,
    author = "Brian W. Kernighan, Dennis M. Ritchie",
    title = "The C Programming Language",
    address = "Upper Saddle Rive, NJ 07458",
    year = "1988",
    publisher = "Prentice Hall P T R"
}
